% ГОСТ Р 7.0.11-2011, Приложение Б, Книги
@BOOK{Sychev,
  author = {Сычёв, М. С.},
  title = {История Астраханского казачьего войска : учебное пособие},
  address = {Астрахань},
  publisher = {Волга},
  year = {2009},
  numpages = {231},
  language = {russian}
}

@BOOK{melik1983,
  title={Аномально высокие пластовые давления на нефтяных и газовых месторождениях},
  author={Мелик-Пашаев, В. С. and Халимов, Э. М. and Серегина, В. Н.},
  year={1983},
  publisher={Недра},
  language = {russian}
}

@BOOK{golf1986,
  title={Основы нефтепромысловой геологии и разработки трещиноватых коллекторов},
  author={Голф-Рахт, Т. Д.},
  year={1986},
  publisher={Рипол Классик},
  language = {russian}
}

@BOOK{lemaitre2012course,
  title={A course on damage mechanics},
  author={Lemaitre, Jean},
  year={2012},
  publisher={Springer Science \& Business Media},
  language = {english}
}

@BOOK{murakami2012continuum,
  title={Continuum damage mechanics: a continuum mechanics approach to the analysis of damage and fracture},
  author={Murakami, Sumio},
  volume={185},
  year={2012},
  publisher={Springer Science \& Business Media},
  language = {english}
}

@BOOK{kondaurov2007,
  title={Механика и термодинамика насыщенной пористой среды},
  author={Кондауров, В. И.},
  year={2007},
  publisher={МФТИ М.},
  language = {russian}
}

@article{izvekov2009,
  title={Модель пористой среды с упругим трещиноватым скелетом},
  author={Извеков, О. Я. and Кондауров, В. И.},
  journal={Физика земли},
  number={4},
  pages={31--42},
  year={2009},
  publisher={Федеральное государственное унитарное предприятие Академический научно~…},
  language = {russian}
}

@article{kuhn2012three,
  title={Three-dimensional modeling study of the low-permeability petroleum system of the Bakken Formation},
  author={Kuhn, Philipp P and {[et al.]}},
  journal={AAPG bulletin},
  volume={96},
  number={10},
  pages={1867--1897},
  year={2012},
  language = {english}
}

@article{izvekov2010,
  title={О рассеянном разрушении пористых материалов с хрупким скелетом},
  author={Извеков, О. Я. and Кондауров, В. И.},
  journal={Известия Российской академии наук. Механика твердого тела},
  number={3},
  pages={164--187},
  year={2010},
  publisher={Федеральное государственное унитарное предприятие Академический научно~…},
  language = {russian}
}

@BOOK{Sokolov,
  author = {Соколов, А. Н. and Сердобинцев, К. С.},
  editor = {Бочарова, В. М.},
  address = {Астрахань},
  publisher = {Калиниградский ЮИ МВД России},
  title = {Гражданское общество: проблемы формирования и развития (философский и юридический аспекты) : монография},
  year = {2009},
  numpages = {218},
  language = {russian}
}

@BOOK{Gaidaenko,
  author = {Гайдаенко, Т. А.},
  title = {Маркетинговое управление: принципы управленческих решений и российская практика},
  edition = {{}3-е изд, перераб. и доп.},
  address = {М.},
  publisher = {Эксмо: МИРБИС},
  year = {2008},
  numpages = {508},
  language = {russian}
}

@BOOK{Lermontov,
  author = {Лермонтов, Михаил Юрьевич},
  title = {Собрание сочинений: в 4 т.},
  address = {М.},
  publisher = {Терра-Кн. клуб},
  year = {2009},
  note = {4 т.},
  language = {russian}
}

@BOOK{coussy2004poromechanics,
  title={Poromechanics},
  author={Coussy, Olivier},
  year={2004},
  publisher={John Wiley \& Sons},
  language = {english}
}

@BOOK{Management,
  title = {Управление бизнесом : сборник статей},
  address = {Нижний новгород},
  publisher = {Изд-во Нижегородского университета},
  year = {2009},
  numpages = {243},
  language = {russian}
}

@BOOK{trusdell1975,
  title={Первоначальный курс рациональной механики сплошных сред},
  author={Трусделл, Клифорд and Гольдштейн, Р В and Ентов, В М},
  year={1975},
  publisher={Мир},
  language = {russian}
}

@BOOK{Borozda,
  author = {Борозда, И. В. and Воронин, Н. И. and Бушманов, А. В.},
  title = {Лечение сочетанных повреждений таза},
  address = {Владивосток},
  publisher = {Дальнаука},
  year = {2009},
  numpages = {195},
  language = {russian}
}

@BOOK{Marketing,
  author = {Михненков, О. В. and Коготкова, И. З. and Генкин, Е. В. and Сороко, Г. Я.},
  title = {Маркетинговые исследования в строительстве : учебное пособие для студентов специальности «Менеджмент организаций»},
  address = {М.},
  publisher = {Государственный университет управления},
  year = {2005},
  numpages = {59},
  language = {russian}
}

% ГОСТ Р 7.0.11-2011, Приложение Б, Нормативные правовые акты
@BOOK{Constitution,
  title = {Конституция Российской Федерации : офиц. текст.},
  address = {М.},
  publisher = {Маркетинг},
  year = {2001},
  numpages = {39},
  language = {russian}
}

@BOOK{FamilyCode,
  title = {Семейный кодекс Российской Федерации : [федер. закон: принят Гос. Думой 8 дек. 1995~г. : по состоянию на 3~янв. 2001~г.]},
  address = {СПб.},
  publisher = {Стаун-кантри},
  year = {2001},
  numpages = {94},
  language = {russian}
}

% ГОСТ Р 7.0.11-2011, Приложение Б, Стандарты
@BOOK{Gost.7.0.53,
  title = {ГОСТ Р 7.0.53-2007 Система стандартов по информации, библиотечному и издательскому делу. Издания. Международный стандартный книжный номер. Использование и издательское оформление.},
  address = {М.},
  publisher = {Стандартинформ},
  year = {2007},
  numpages = {5},
  language = {russian}
}

% ГОСТ Р 7.0.11-2011, Приложение Б, Депонированные научные работы
@BOOK{Razumovski,
  author = {Разумовский, В. А. and Андреев, Д. А.},
  title = {Управление маркетинговыми исследованиями в регионе},
  address = {М.},
  year = {2002},
  numpages = {210},
  note = {Деп. в ИНИОН Рос. акад. наук 15.02.02, № 139876},
  language = {russian}
}

% ГОСТ Р 7.0.11-2011, Приложение Б, Диссертации
@BOOK{Lagkueva,
  author = {Лагкуева, Ирина Владимировна},
  title = {Особенности регулирования труда творческих работников театров : дис. ... канд. юрид. наук : 12.00.05},
  address = {М.},
  year = {2009},
  numpages = {168},
  language = {russian}
}

@BOOK{Pokrovski,
  author = {Покровский, Андрей Владимирович},
  title = {Устранимые особенности решений эллиптических уравнений : дис. ... д-ра физ.-мат. наук : 01.01.01},
  address = {М.},
  year = {2008},
  numpages = {178},
  language = {russian}
}

% ГОСТ Р 7.0.11-2011, Приложение Б, Авторефераты диссертаций
@BOOK{Sirotko,
  author = {Сиротко, Владимир Викторович},
  title = {Медико-социальные аспекты городского травматизма в современных условиях : автореф. дис. ... канд. мед. наук : 14.00.33},
  address = {М.},
  year = {2006},
  numpages = {26},
  language = {russian}
}

% !!! этот пример НЕ работает с bibtex
% Тот же пример, с использованием https://www.ctan.org/pkg/biblatex-gost
@THESIS{Sirotko2,
  author =       {Сиротко, Владимир Викторович},
  title =        {Медико-социальные аспекты городского травматизма в современных условиях},
  media =        {text},
  type =         {phdautoref},
  science =      {мед. наук},
  specialitycode ={14.00.33},
  address =      {М.},
  year =         {2006},
  pagetotal =    {26},
  language =     {russian},
}

@BOOK{Lukina,
  author = {Лукина, Валентина Александровна},
  title = {Творческая история «Записок охотника» И. С. Тургенева : автореф. дис. ... канд. филол. наук : 10.01.01},
  address = {СПб.},
  year = {2006},
  numpages = {26},
  language = {russian}
}

% !!! этот пример НЕ работает с bibtex
% Тот же пример, с использованием https://www.ctan.org/pkg/biblatex-gost
@THESIS{Lukina2,
  author =       {Лукина, Валентина Александровна},
  title =        {Творческая история «Записок охотника» И. С. Тургенева},
  media =        {text},
  type =         {phdautoref},
  science =      {филол. наук},
  specialitycode ={10.01.01},
  address =      {СПб.},
  year =         {2006},
  pagetotal =    {26},
  language =     {russian},
}

% ГОСТ Р 7.0.11-2011, Приложение Б, Отчёты о научно-исследовательской работе
@BOOK{Methodology,
  author = {Загорюев, А. Л.},
  title = {Методология и методы изучения военно-профессиональной направленности подростков : отчёт о НИР},
  address = {Екатеринбург},
  institution = {Уральский институт практической психологии},
  year = {2008},
  numpages = {102},
  language = {russian}
}

% ГОСТ Р 7.0.11-2011, Приложение Б, Электронные ресурсы
@BOOK{Encyclopedia,
  title = {Художественная энциклопедия зарубежного классического искусства [Электронный ресурс]},
  address = {М.},
  publisher = {Большая Рос. энкцикл.},
  year = {1996},
  note = {1 электрон. опт. диск (CD-ROM)},
  language = {russian}
}

% !!! этот пример НЕ работает с bibtex
% Тот же пример, с использованием https://www.ctan.org/pkg/biblatex-gost
@BOOK{Encyclopedia2,
  title = {Художественная энциклопедия зарубежного классического искусства},
  address = {М.},
  media = {eresource},
  publisher = {Большая Рос. энкцикл.},
  year = {1996},
  note = {1 электрон. опт. диск (CD-ROM)},
  language = {russian},
}

@ARTICLE{Nasirova,
  author = {Насырова, Г. А.},
  title = {Модели государственного регулирования страховой деятельности [Электронный ресурс]},
  journal = {Вестник Финансовой академии},
  year = {2003},
  media = {eresource},
  number = {4},
  note = {Режим доступа: http://vestnik.fa.ru/4(28)2003/4.html},
  language = {russian}
}

% ГОСТ Р 7.0.11-2011, Приложение Б, Статьи

@ARTICLE{Berestova,
  author = {Берестова, Т. Ф.},
  title = {Поисковые инструменты библиотеки},
  journal = {Библиография},
  year = {2006},
  number = {4},
  pages = {19},
  language = {russian}
}

@ARTICLE{Kriger,
  author = {Кригер, И.},
  title =  {Бумага терпит},
  journal = {Новая газета},
  year = {2009},
  note = {1 июля},
  language = {russian}
}


% Examples from https://verbosus.com/bibtex-style-examples.html
@ARTICLE{Article,
  author   = {Peter Adams},
  title    = {The title of the work},
  journal  = {The name of the journal},
  year     = {1993},
  number   = {2},
  pages    = {201-213},
  month    = {7},
  note     = {An optional note},
  volume   = {4},
  language = {english}
}

@BOOK{Book,
  author    = {Peter Babington},
  title     = {The title of the work},
  publisher = {The name of the publisher},
  year      = {1993},
  volume    = {4},
  series    = {10},
  address   = {The address},
  edition   = {3},
  month     = {7},
  note      = {An optional note},
  isbn      = {3257227892},
  language  = {english}
}

@BOOKLET{Booklet,
  title        = {The title of the work},
  author       = {Peter Caxton},
  howpublished = {How it was published},
  address      = {The address of the publisher},
  month        = {7},
  year         = {1993},
  note         = {An optional note},
  language     = {english}
}

@CONFERENCE{Conference,
  author       = {Peter Draper},
  title        = {The title of the work},
  booktitle    = {The title of the book},
  year         = {1993},
  editor       = {The editor},
  volume       = {4},
  series       = {5},
  pages        = {213},
  address      = {The address of the publisher},
  month        = {7},
  organization = {The organization},
  publisher    = {The publisher},
  note         = {An optional note},
  language     = {english}
}

@INBOOK{Inbook,
  author       = {Peter Eston},
  title        = {The title of the work},
  booktitle    = {Book title},
  chapter      = {8},
  pages        = {201-213},
  publisher    = {The name of the publisher},
  year         = {1993},
  volume       = {4},
  series       = {5},
  address      = {The address of the publisher},
  edition      = {3},
  month        = {7},
  note         = {An optional note},
  language     = {english}
}

@INCOLLECTION{Incollection,
  author       = {Peter Farindon},
  title        = {The title of the work},
  booktitle    = {The title of the book},
  publisher    = {The name of the publisher},
  year         = {1993},
  editor       = {The editor},
  volume       = {4},
  series       = {5},
  chapter      = {8},
  pages        = {201-213},
  address      = {The address of the publisher},
  edition      = {3},
  month        = {7},
  note         = {An optional note},
  language     = {english}
}

@MANUAL{Manual,
  title        = {The title of the work},
  author       = {Peter Gainsford},
  organization = {The organization},
  address      = {The address of the publisher},
  edition      = {3},
  month        = {7},
  year         = {1993},
  note         = {An optional note},
  language     = {english}
}

@MASTERSTHESIS{Mastersthesis,
  author       = {Peter Harwood},
  title        = {The title of the work},
  school       = {The school where the thesis was written},
  year         = {1993},
  address      = {The address of the publisher},
  month        = {7},
  note         = {An optional note},
  language     = {english}
}

@MISC{Misc,
  author       = {Peter Isley},
  title        = {The title of the work},
  howpublished = {How it was published},
  month        = {7},
  year         = {1993},
  note         = {An optional note},
  language     = {english}
}

@PHDTHESIS{Phdthesis,
  author       = {Peter Joslin},
  title        = {The title of the work},
  school       = {The school where the thesis was written},
  year         = {1993},
  address      = {The address of the publisher},
  month        = {7},
  note         = {An optional note},
  language     = {english}
}

@PROCEEDINGS{Proceedings,
  title        = {The title of the work},
  year         = {1993},
  editor       = {Peter Kidwelly},
  volume       = {4},
  series       = {5},
  address      = {The address of the publisher},
  month        = {7},
  organization = {The organization},
  publisher    = {The name of the publisher},
  note         = {An optional note},
  language     = {english}
}

@TECHREPORT{Techreport,
  author       = {Peter Lambert},
  title        = {The title of the work},
  institution  = {The institution that published},
  year         = {1993},
  number       = {2},
  address      = {The address of the publisher},
  month        = {7},
  note         = {An optional note},
  language     = {english}
}

@UNPUBLISHED{Unpublished,
  author       = {Peter Marcheford},
  title        = {The title of the work},
  note         = {An optional note},
  month        = {7},
  year         = {1993},
  language     = {english}
}

%%% Реальные примеры

% Инициалы должны быть записаны после запятой, с точками, через пробел
% http://www.kit-e.ru/articles/elcomp/2006_12_124.php
% Подчёркивания в ссылке приходится экранировать
% http://www.kit-e.ru/articles/elcomp/2006\_12\_124.php
@online{medvedev2006jelektronnye,
  title={Электронные компоненты и монтажные подложки},
  author={Медведев, А. М.},
  journal={Компоненты и технологии},
  number={12},
  pages={124--134},
  year={2006},
  medium={Электронный ресурс},
  url = {http://www.kit-e.ru/articles/elcomp/2006\_12\_124.php},
  urldate = {19.01.2015},
  language = {russian}
}

@online{USGS,
  title={Self-Sourced Bazhenov Fractured Reservoirs Assessment Unit 11740102},
  author={Ulmishek, G. F.},
  journal={US Geological Survey World World Petroleum Assessment},
  year={2000},
  medium={Электронный ресурс},
  url = {https://certmapper.cr.usgs.gov/data/PubArchives/WEcont/regions/reg1/p1/tps/AU/au117412.pdf},
  urldate = {20.06.2020},
  language = {english}
}

% Real example
% & в названии журнала надо экранировать
% 10.1002/1521-4125(200007)23:7<581::AID-CEAT581>3.0.CO;2-P
% < > в ссылке приходится экранировать %3C и %3E, а потом ещё знаки процента в них экранировать
% 10.1002/1521-4125(200007)23:7%3C581::AID-CEAT581%3E3.0.CO;2-P
% 10.1002/1521-4125(200007)23:7\%3C581::AID-CEAT581\%3E3.0.CO;2-P
% url не нужен. если запись о бумажной публикации
@article {CEAT:CEAT581,
  author = {Deiters, U. K.},
  title = {A Modular Program System for the Calculation of Thermodynamic Properties of Fluids},
  journal = {Chemical Engineering \& Technology},
  volume = {23},
  number = {7},
  publisher = {WILEY-VCH Verlag},
  issn = {1521-4125},
  doi = {10.1002/1521-4125(200007)23:7<581::AID-CEAT581>3.0.CO;2-P},
  pages = {581--584},
  year = {2000},
  language = {english}
}

% Real with  4 authors
@article{doi:10.1080/01932691.2010.513279,
  author = {Young-Sang Cho and Young Kuk Kim and Kook Chae Chung and Chul Jin Choi },
  title = {Deformation of Colloidal Crystals for Photonic Band Gap Tuning},
  journal = {Journal of Dispersion Science and Technology},
  volume = {32},
  number = {10},
  pages = {1408-1415},
  year = {2011},
  doi = {10.1080/01932691.2010.513279},
  language = {english}
}

% doi with (), author with umlaut or other unicode or specific symbols, 9 authors
% latex don't like Gösele1999161 in ref
% Умляуты в авторах понимаются из-за поддержки в юникодной странице pdflatex и xelatex
% Иллюстрация того, что будет. если на английской записи будут поставлена пометка, что язык русский
@article{Gosele1999161,
  title = "Wafer bonding for microsystems technologies",
  journal = "Sensors and Actuators A: Physical",
  volume = "74",
  number = "1–3",
  pages = "161 - 168",
  year = "1999",
  issn = "0924-4247",
  doi = "10.1016/S0924-4247(98)00310-0",
  author = "Gösele, U. and Tong, Q.-Y. and Schumacher, A. and Kräuter, G. and Reiche, M. and Plößl, A. and Kopperschmidt, P. and Lee, T.-H. and Kim, W.-J.",
  keywords = "Wafer bonding",
  keywords = "Fusion bonding",
  keywords = "Pressure sensors",
  keywords = "Interface reactions",
  keywords = "Hydrophilic bonding",
  keywords = "Hydrophobic bonding",
  language = {russian}
}

@article{grytsenko2010numerical,
  title={Numerical analysis of multi-crack large-scale plane problems with adaptive cross approximation and hierarchical matrices},
  author={Grytsenko, T. and Galybin, A. N.},
  journal={Engineering analysis with boundary elements},
  volume={34},
  number={5},
  pages={501--510},
  year={2010},
  publisher={Elsevier},
  language = {english}
}

@article{craft1959petroleum,
  title={Petroleum reservoir engineering},
  author={Craft, B. C. and Hawkins, M. F.},
  journal={Englewood Cliffs, NJ},
  pages={355},
  year={1959},
  language = {english}
}

@article{kocharyan2016,
  title={Геомеханика разломов},
  author={Кочарян, Г. Г.},
  year={2016},
  publisher={Общество с ограниченной ответственностью" Издательство ГЕОС"},
  language = {russian}
}

@article{mehrabian2015gassmann,
  title={Gassmann equations and the constitutive relations for multiple-porosity and multiple-permeability poroelasticity with applications to oil and gas shale},
  author={Mehrabian, Amin and Abousleiman, Younane N},
  journal={International Journal for Numerical and Analytical Methods in Geomechanics},
  volume={39},
  number={14},
  pages={1547--1569},
  year={2015},
  publisher={Wiley Online Library},
  language = {english}
}

@article{bai1995poromechanical,
  title={Poromechanical response of fractured-porous rock masses},
  author={Bai, Mao and Roegiers, Jean-Claude and Elsworth, Derek},
  journal={Journal of Petroleum Science and Engineering},
  volume={13},
  number={3-4},
  pages={155--168},
  year={1995},
  publisher={Elsevier},
  language = {english}
}

@article{berryman2002models,
  title={Models for computing geomechanical constants of double-porosity materials from the constituents' properties},
  author={Berryman, J. G. and Pride, S. R.},
  journal={Journal of Geophysical Research: Solid Earth},
  volume={107},
  number={B3},
  pages={ECV--2},
  year={2002},
  publisher={Wiley Online Library},
  language = {english}
}

@article{muha2018,
  title={Методы локальной реконструкции тектонических напряжений по кинематическим данным: физическая несостоятельность и ложные цели. Ч. I},
  author={Мухамедиев, Ш. А.},
  journal={Физика Земли.},
  number={6},
  pages={1},
  year={2018},
  language = {russian}
}

% @article{wu2014generalized,
%   title={A generalized framework model for the simulation of gas production in unconventional gas reservoirs},
%   author={Wu, Yu-Shu and Li, Jianfang and Ding, Didier and Wang, Cong and Di, Yuan and others},
%   journal={Spe Journal},
%   volume={19},
%   number={05},
%   pages={845--857},
%   year={2014},
%   publisher={Society of Petroleum Engineers},
%   language = {english}
% }

@article{thompson2010modeling,
  title={Modeling well performance data from overpressured shale gas reservoirs},
  author={Thompson, J. M. and {[et al.]}},
  journal={Canadian Unconventional Resources and International Petroleum Conference},
  year={2010},
  publisher={Society of Petroleum Engineers},
  language = {english}
}

@article{barenblatt1960basic,
  title={Basic concepts in the theory of seepage of homogeneous liquids in fissured rocks [strata]},
  author={Barenblatt, G. I. and Zheltov, I. P. and Kochina, I. N.},
  journal={Journal of applied mathematics and mechanics},
  volume={24},
  number={5},
  pages={1286--1303},
  year={1960},
  publisher={Pergamon},
  language = {english}
}

@article{engelder1990natural,
  title={Natural hydraulic fracturing},
  author={Engelder, Terry and Lacazette, Alfred},
  journal={Rock joints},
  pages={35--44},
  year={1990},
  publisher={AA Balkema Rotterdam},
  language = {english}
}

@article{secor1965role,
  title={Role of fluid pressure in jointing},
  author={Secor, D. T.},
  journal={American Journal of Science},
  volume={263},
  number={8},
  pages={633--646},
  year={1965},
  publisher={American Journal of Science},
  language = {english}
}

@article{sonnenberg2009petroleum,
  title={Petroleum geology of the giant Elm Coulee field, Williston Basin},
  author={Sonnenberg, S. A. and Pramudito, Aris},
  journal={AAPG bulletin},
  volume={93},
  number={9},
  pages={1127--1153},
  year={2009},
  publisher={American Association of Petroleum Geologists (AAPG)},
  language = {english}
}

@article{li2012pore,
  title={Pore-pressure and wellbore-stability prediction to increase drilling efficiency},
  author={Li, Shuling and {[et al.]}},
  journal={Journal of Petroleum Technology},
  volume={64},
  number={02},
  pages={98--101},
  year={2012},
  publisher={Society of Petroleum Engineers},
  language = {english}
}

@article{olson2004,
  title = "Predicting fracture swarms - the influence of subcritical crack growth and the crack-tip process zoneon joint spacing in rock",
  journal = "Geological Society, London, Special Publications",
  volume="231",
  number="1",
  pages="73 - 88",
  year="2004",
  publisher="Geological Society of London",
  author={Olson, J. E.},
  language = {english}
}

@article{warpinski2009stimulating,
  title = {Stimulating unconventional reservoirs: maximizing network growth while optimizing fracture conductivity},
  journal={Journal of Canadian Petroleum Technology},
  volume={48},
  number={10},
  pages={39--51},
  year={2009},
  publisher={Society of Petroleum Engineers},
  author={Warpinski, N. R. and {[et al.]}},
  language = {english}
}

@article{wu2014generalized,
  title={A generalized framework model for the simulation of gas production in unconventional gas reservoirs},
  author={Wu, {Yu-Shs} and {[et al.]}},
  journal={Spe Journal},
  volume={19},
  number={05},
  pages={845--857},
  year={2014},
  publisher={Society of Petroleum Engineers},
  language = {english}
}

@article{fertl1976abnormal,
  title={Abnormal formation pressures: developments in petroleum science},
  author={Fertl, W. H.},
  journal={Amsterdam, Elsevier Scientific Pub. Co.},
  number={2},
  pages={382},
  year={1976},
  language = {english}
}

@article{magara1978significance,
  title={The significance of the expulsion of water in oil-phase primary migration},
  author={Magara, Kinji},
  journal={Bulletin of Canadian Petroleum Geology},
  volume={26},
  number={1},
  pages={123--131},
  year={1978},
  publisher={Canadian Society of Petroleum Geologists},
  language = {english}
}

@article{luo2002natural,
  title={Natural hydraulic cracking: numerical model and sensitivity study},
  author={Luo, Xiaorong and Vasseur, Guy},
  journal={Earth and Planetary Science Letters},
  volume={201},
  number={2},
  pages={431--446},
  year={2002},
  publisher={Elsevier},
  language = {english}
}

@article{eseme2007review,
  title={Review of mechanical properties of oil shales: implications for exploitation and basin modeling.},
  author={Eseme, E. and {[et al.]}},
  journal={Oil shale},
  volume={24},
  number={2},
  year={2007},
  language = {english}
}

@article{abousleiman2005poromechanics,
  title={Poromechanics response of inclined wellbore geometry in fractured porous media},
  author={Abousleiman, Younane and Nguyen, Vinh},
  journal={Journal of engineering mechanics},
  volume={131},
  number={11},
  pages={1170--1183},
  year={2005},
  publisher={American Society of Civil Engineers},
  language = {english}
}

@article{snow1968rock,
  title={Rock fracture spacings, openings, and porosities},
  author={Snow, David T.},
  journal={Journal of Soil Mechanics \& Foundations Div},
  year={1968},
  language = {english}
}

@article{barati2014review,
  title={A review of fracturing fluid systems used for hydraulic fracturing of oil and gas wells},
  author={Barati, Reza and Liang, Jenn-Tai},
  journal={Journal of Applied Polymer Science},
  volume={131},
  number={16},
  year={2014},
  publisher={Wiley Online Library},
  language={english}
}

% Real example (from Google or Springer)
% unmodified styles don't know %language = {English}
% язык писать с маленьких
% иллюстрация incollection
% 10.1007/0-387-32989-7_45
% Подчёркивания в DOI приходится экранировать
% 10.1007/0-387-32989-7\_45
@incollection{Li2007StressAnalysis,
  year={2007},
  isbn={978-0-387-27974-9},
  booktitle={Micro- and Opto-Electronic Materials and Structures: Physics, Mechanics, Design, Reliability, Packaging},
  editor={Suhir, E. and Lee, Y. C. and Wong, C. P.},
  doi={10.1007/0-387-32989-7_45},
  title={Stress Analysis for Processed Silicon Wafers and Packaged Micro-devices},
  publisher={Springer US},
  author={Li, Li and Guo, Yifan and Zheng, Dawei},
  pages={B677-B709},
  language={english}
}

% Real, β sign
% inputenc don't know β sign %aluminosilicate-β-quartz
% Знаки типа β, которые не знает таблица кодировки, с которой работает компилятор нужно заменять на latex команды
% doi должен быть без http://dx.doi.org/
@article{Shoji199895,
title = "Low-temperature anodic bonding using lithium aluminosilicate-\(\beta\)-quartz glass ceramic",
journal = "Sensors and Actuators A: Physical",
volume = "64",
number = "1",
pages = "95 - 100",
year = "1998",
note = "Tenth {IEEE} International Workshop on Micro Electro Mechanical Systems ",
issn = "0924-4247",
doi = "10.1016/S0924-4247(97)01659-2",
author = {Shuichi Shoji and Hiroto Kikuchi and Hirotaka Torigoe},
keywords = "Anodic bonding",
keywords = "Low-temperature bonding",
keywords = "Micro assembly",
keywords = "Micro package",
keywords = "Glass ceramic",
}


% from urlbst package
% Example from Jason Eisner, by mail (nothing special about the entry,
% but he seemed to be having formatting problems with unsrturl and proceedings
% entries.
% http://cs.jhu.edu/~jason/papers/#icassp07
@InProceedings{test:eisner-sample,
  author =       {Damianos Karakos and Sanjeev Khudanpur and Jason
                  Eisner and Carey~E. Priebe},
  title =        {Iterative denoising using {J}ensen-{R}enyi
                  divergences with an application to unsupervised
                  document categorization},
  booktitle =    {Proceedings of ICASSP},
  year =         2007,
  url =          {http://cs.jhu.edu/~jason/papers/\#icassp07}
}

@InProceedings{abousleiman2007geomechanics,
  title={Geomechanics field and laboratory characterization of the Woodford Shale: The next gas play},
  author={Abousleiman, Y. N. and {[et al.]}},
  booktitle={SPE Annual Technical Conference and Exhibition},
  year={2007},
  organization={Society of Petroleum Engineers},
  language={english}
}

@InProceedings{test:eisner-sample-shorted,
  author =       {Damianos Karakos and Sanjeev Khudanpur and Jason
                  Eisner and Carey~E. Priebe},
  title =        {Iterative denoising using {J}ensen-{R}enyi
                  divergences with an application to unsupervised
                  document categorization},
  booktitle =    {Proceedings of ICASSP},
  shortbooktitle = {Proc. of ICASSP},
  year =         2007,
  url =          {http://cs.jhu.edu/~jason/papers/\#icassp07}
}

@InProceedings{ye2016fracture,
  title={Fracture properties characterization of shale rocks},
  author={Ye, Zhi and Ghassemi, Ahmad and Riley, Spencer},
  booktitle={Unconventional Resources Technology Conference, San Antonio, Texas, 1-3 August 2016},
  pages={1083--1095},
  year={2016},
  organization={Society of Exploration Geophysicists, American Association of Petroleum~…},
  language={english}
}

% Попытка записать патент имеющимися средствами
@Book{iofis_patent1960,
  title                    = {Способ пайки керамики с~керамикой и~стекла с~металлом : а.\,с.~126728 СССР},
  author                   = {Иофис, Н. А.},
  year                     = {1960},
  numpages                 = {Бюл. № 5.~1},
  language                 = {russian}
}

% Попытка записать патент имеющимися средствами
@Book{AB_patent_Pomerantz_1968,
  title                    = {Anodic bonding : patent no. 3397278 US},
  author                   = {Pomerantz, D. I.},
  year                     = {1968},
  language                 = {english}
}

% !!! этот пример НЕ работает с bibtex
% Примеры оформления патентов из пакета https://www.ctan.org/pkg/biblatex-gost
@Patent{patent2h,
  heading =      {Заявка 1095735 Рос. федерация, МПК\ensuremath{^7} B 64 G 1/00},
  author =       {Тернер, Э. В.},
  authortype =   {США},
  title =        {Одноразовая ракета-носитель},
  media =        {text},
  holder =       {{заявитель Спейс Системз/Лорал, инк.}},
  credits =      {патент. поверенный Егорова Г. Б.},
  reqnumber =    {2000108705/28},
  date =         {2000-04-07},
  publdate =     {2001-03-10},
  publication =  {Бюл. № 7 (I ч.)\midsentence},
  prdate =       {1999-04-09},
  prnumber =     {09/289, 037},
  prcountry =    {countryus},
  pagetotal =    {5 с.~: ил.},
  language =     {russian},
}

@Patent{patent3h,
  heading =      {А. с. 1007970 СССР, МКИ\ensuremath{^3} В 25.1 15/00},
  author =       {В. С. Ваулин and В. Г. Кемайкин},
  authortype =   {СССР},
  title =        {Устройство для захвата неориентированных деталей типа валов},
  media =        {text},
  reqnumber =    {3360585/25-08},
  date =         {1981-11-23},
  publication =  {Бюл. № 12},
  publdate =     {1983-03-30},
  pagetotal =    {2 с.~: ил.},
  language =     {russian},
}

@Patent{patent2,
  author =       {Тернер, Э. В.},
  authortype =   {США},
  title =        {Одноразовая ракета-носитель},
  media =        {text},
  type =         {patreq},
  number =       1095735,
  location =     {countryru},
  ipc =          {МПК\ensuremath{^7} B 64 G 1/00},
  holder =       {{заявитель Спейс Системз/Лорал, инк.}},
  credits =      {патент. поверенный Егорова Г. Б.},
  reqnumber =    {2000108705/28},
  date =         {2000-04-07},
  publdate =     {2001-03-10},
  publication =  {Бюл. № 7 (I ч.)\midsentence},
  prioritydate = {1999-04-09},
  prioritynumber ={09/289, 037},
  prioritycountry ={countryus},
  pagetotal =    {5 с.~: ил.},
  language =     {russian},
}
